<record><leader>00000cas a22000007a 4500</leader><controlfield tag="001">14204459</controlfield><controlfield tag="008">860911d18221835pauwr ne      0    0eng  </controlfield><datafield ind1=" " ind2=" " tag="010"><subfield code="a">sn 86071909 </subfield></datafield><datafield ind1=" " ind2=" " tag="040"><subfield code="a">DLC</subfield><subfield code="b">eng</subfield><subfield code="c">DLC</subfield><subfield code="d">NPX</subfield><subfield code="d">NPH</subfield><subfield code="d">OCLCQ</subfield></datafield><datafield ind1=" " ind2=" " tag="042"><subfield code="a">msc</subfield></datafield><datafield ind1="0" ind2="0" tag="050"><subfield code="a">Newspaper 9471</subfield></datafield><datafield ind1="0" ind2="0" tag="245"><subfield code="a">Crawford messenger.</subfield></datafield><datafield ind1=" " ind2=" " tag="260"><subfield code="a">Meadville, Pa. :</subfield><subfield code="b">Printed by T. Atkinson &amp; Co.</subfield></datafield><datafield ind1=" " ind2=" " tag="300"><subfield code="a">v. ;</subfield><subfield code="c">46-54 cm.</subfield></datafield><datafield ind1=" " ind2=" " tag="310"><subfield code="a">Weekly</subfield></datafield><datafield ind1="1" ind2=" " tag="362"><subfield code="a">Began in Sept. 1822; ceased in 1835.</subfield></datafield><datafield ind1=" " ind2=" " tag="500"><subfield code="a">Publisher: Thomas Atkinson, 1824-&lt;1832&gt;.</subfield></datafield><datafield ind1=" " ind2=" " tag="500"><subfield code="a">"Republican," &lt;1832&gt;.</subfield></datafield><datafield ind1=" " ind2=" " tag="515"><subfield code="a">Issues for &lt;May 12, 1825&gt; called also &lt;whole no. 141&gt;; issues for &lt;May 12, 1832&gt; called &lt;old and new ser., v. 25, no. 1259&gt; and &lt;total no. 502&gt;.</subfield></datafield><datafield ind1=" " ind2=" " tag="588"><subfield code="a">Description based on: New ser., v. 1, no. 2 (Sept. 10, 1822).</subfield></datafield><datafield ind1=" " ind2=" " tag="752"><subfield code="a">United States</subfield><subfield code="b">Pennsylvania</subfield><subfield code="c">Crawford</subfield><subfield code="d">Meadville.</subfield></datafield><datafield ind1="1" ind2=" " tag="029"><subfield code="a">AU@</subfield><subfield code="b">000025794112</subfield></datafield></record>